% !Mode:: "TeX:UTF-8"

@article{phattharasupakun2020impact,
  title={Impact of Cr doping on the voltage fade of Li-rich Mn-Rich Li1. 11Ni0. 33Mn0. 56O2 and Li1. 2Ni0. 2Mn0. 6O2 positive electrode materials},
  author={Phattharasupakun, Nutthaphon and Geng, Chenxi and Johnson, Michel B and V{\"a}li, Ronald and Sawangphruk, Montree and Dahn, JR},
  journal={Journal of The Electrochemical Society},
  volume={167},
  number={16},
  pages={160545},
  year={2020},
  publisher={IOP Publishing}
}

